@ARTICLE{2016PhRvD..94b4023B,
   author = {{Bernuzzi}, S. and {Radice}, D. and {Ott}, C.~D. and {Roberts}, L.~F. and 
	{M{\"o}sta}, P. and {Galeazzi}, F.},
    title = "{How loud are neutron star mergers?}",
  journal = {\prd},
archivePrefix = "arXiv",
   eprint = {1512.06397},
 primaryClass = "gr-qc",
     year = 2016,
    month = jul,
   volume = 94,
   number = 2,
      eid = {024023},
    pages = {024023},
      doi = {10.1103/PhysRevD.94.024023},
   adsurl = {http://adsabs.harvard.edu/abs/2016PhRvD..94b4023B},
  adsnote = {Provided by the SAO/NASA Astrophysics Data System}
}

@ARTICLE{2016arXiv160606124P,
   author = {{Patricelli}, B. and {Razzano}, M. and {Cella}, G. and {Fidecaro}, F. and 
	{Pian}, E. and {Branchesi}, M. and {Stamerra}, A.},
    title = "{Prospects for joint observations of gravitational waves and gamma rays from merging neutron star binaries}",
  journal = {ArXiv e-prints},
archivePrefix = "arXiv",
   eprint = {1606.06124},
 primaryClass = "astro-ph.HE",
 keywords = {Astrophysics - High Energy Astrophysical Phenomena, General Relativity and Quantum Cosmology},
     year = 2016,
    month = jun,
   adsurl = {http://adsabs.harvard.edu/abs/2016arXiv160606124P},
  adsnote = {Provided by the SAO/NASA Astrophysics Data System}
}

@misc{syntheticUniverse,
	author = {{Belczyński}, K. and {Michał}, D. and {Ruiter}, A.J. and {Wiktorowicz}, G. and {Karczmarek}, P.},
	title = {Synthetic Universe Website},
	note = {www.syntheticuniverse.org}
}

@ARTICLE{2012ApJ...759...52D,
   author = {{Dominik}, M. and {Belczynski}, K. and {Fryer}, C. and {Holz}, D.~E. and 
	{Berti}, E. and {Bulik}, T. and {Mandel}, I. and {O'Shaughnessy}, R.
	},
    title = "{Double Compact Objects. I. The Significance of the Common Envelope on Merger Rates}",
  journal = {\apj},
archivePrefix = "arXiv",
   eprint = {1202.4901},
 primaryClass = "astro-ph.HE",
 keywords = {binaries: general, black hole physics, stars: evolution, stars: neutron},
     year = 2012,
    month = nov,
   volume = 759,
      eid = {52},
    pages = {52},
      doi = {10.1088/0004-637X/759/1/52},
   adsurl = {http://adsabs.harvard.edu/abs/2012ApJ...759...52D},
  adsnote = {Provided by the SAO/NASA Astrophysics Data System}
}