@STRING{annual-review-of-nuclear-and-particle-science="Ann.~Rev.~Nucl.~Part.~Sci." }
@STRING{annual-review-of-astron-and-astrophys="ARA\&A" }
@STRING{applied-computational-harmonic-analysis= "Appl.~Comp.~Harm.~Anal." }
@STRING{applied-optics="Appl.~Opt." }
@STRING{astronomical-journal="AJ" }
@STRING{astronomicheskii-zhurnal="AZh" }
@STRING{astronomy-and-astrophysics="A\&A" }
@STRING{astronomy-and-astrophysics-reviews="A\&A~Rev." }
@STRING{astronomy-and-astrophysics-supplement="A\&AS" }
@STRING{astroparticle-physics="Astroparticle~Physics" }
@STRING{astrophysical-journal="ApJ" }
@STRING{astrophysical-journal-letters="ApJ Lett." }
@STRING{astrophysical-journal-supplement="ApJS" }
@STRING{astrophysics-and-space-science="Ap\&SS" }
@STRING{astrophysics-letters="Astrophys.~Lett." }
@STRING{astrophysics-space-physics-research="Astrophys.~Space~Phys.~Res." }
@STRING{bulletin-of-the-aas="BAAS" }
@STRING{classical-and-quantum-gravity="Class.~Quantum~Grav." }
@STRING{compte-rendus-academie-des-sciences="C.~R.~A.~S." }
@STRING{european-physical-journal-c="EPJ~C" }
@STRING{fundamental-cosmic-physics="Fund.~Cosmic~Phys." }
@STRING{iau-cirulars="IAU~Circ." }
@STRING{IJWMIP="Int.~J.~Wavelets.~Multi." }
@STRING{ieee-transactions-on-signal-processing= "IEEE~Trans.~Signal~Proc." }
@STRING{ieee-signal-processing-letters= "IEEE~Signal~Proc.~Lett." }
@STRING{ieee-transactions-on-information-theory = "IEEE~Trans.~Info.~Theory"}
@STRING{ieee-assp-magazine= "IEEE~ASSP~Mag." }
@STRING{general-relativity-and-gravitation="Gen.~Relat.~Gravit." }
@STRING{journal-of-instrumentation="JINST" }
@STRING{journal-of-physics-conference-series="J.~Phys.~Conf.~Ser." }
@STRING{journal-of-the-ras-of-canada="JRASC" }
@STRING{journal-of-cosmology-and-astroparticle-physics="JCAP" }
@STRING{living-reviews="Living~Rev.~Rel." }
@STRING{mem-societa-astronomica-italiana="Mem.~Soc.~Astron.~Italiana" }
@STRING{memoirs-of-the-ras="MmRAS" }
@STRING{modern-physics-letters="Mod.~Phys.~Lett." }
@STRING{monthly-notices-of-the-ras="MNRAS" }
@STRING{nature	= "Nature" }
@STRING{new-astronomy-reviews="New~Astron.~Rev."}
@STRING{new-journal-of-physics="New~J.~Phys." }
@STRING{nuclear-physics-a="Nucl.~Phys.~A" }
@STRING{nuclear-instruments-and-methods-in-physics-research="Nucl.~Instrum.~Meth." }
@STRING{nuclear-physics-proceedings-supplements="Nucl.~Phys.~Proc.~Suppl." }
@STRING{physica-scripta="Phys.~Scr" }
@STRING{physica-scripta="Phys.~Scr." }
@STRING{physical-review-a="Phys.~Rev.~A" }
@STRING{physical-review-b="Phys.~Rev.~B" }
@STRING{physical-review-c="Phys.~Rev.~C" }
@STRING{physical-review-d="Phys.~Rev.~D" }
@STRING{physical-review-e="Phys.~Rev.~E" }
@STRING{physical-review-letters="Phys.~Rev.~Lett." }
@STRING{physics-reports="Phys.~Rep." }
@STRING{proceedings-of-the-national-academy-of-sciences-of-the-usa="Proc.~Natl.~Acad.~Sci."}
@STRING{proceedings-of-spie="Proc.~SPIE"}
@STRING{progress-in-particle-and-nuclear-physics="Prog.~Part.~Nucl.~ Phys." }
@STRING{publications-of-the-asj="PASJ" }
@STRING{publications-of-the-asp="PASP" }
@STRING{quarterly-journal-of-the-ras="QJRAS" }
@STRING{reports-on-progress-in-physics="Rep.~Prog.~Phys." }
@STRING{reviews-of-modern-physics="Rev.~Mod.~Phys." }
@STRING{review-of-scientific-instruments="Rev.~Sci.~Instrum." }
@STRING{science	= "Science" }
@STRING{sky-and-telescope="S\&T" }
@STRING{space-science-reviews="Space~Sci.~Rev." }
@STRING{zeitschrift-fuer-astrophysik="ZAp" }

@InCollection{thorne87:_gravit_radiat,
  author	= {Thorne, K.S.},
  editor	= {Hawking, S. W. and Israel, W.},
  title		= {Gravitational Radiation},
  booktitle	= {300 Years of Gravitation},
  publisher	= {Cambridge University Press},
  year		= 1987
}

@Article{weisberg10:_timin_psr_b1913,
  author = 	 {Weisberg, J. M. and Nice, D. J. and Taylor, J. H.},
  title = 	 {Timing measurements of the relativistic binary pulsar {PSR B1913+16}},
  journal = 	 astrophysical-journal,
  year = 	 2010,
  volume = 	 722,
  pages = 	 {1030--1034}}

@Article{         blanchet02:_gravit_newton,
  author        = {Blanchet, L.},
  title         = {{Gravitational radiation from post-Newtonian sources and
                  inspiralling compact binaries}},
  journal       = living-reviews,
  volume        = 5,
  year          = 2002,
  pages         = 3,
  eprint        = {gr-qc/0202016}
}

@InProceedings{chassande-mottin12:_data,
  author =       {Chassande-Mottin, E.},
  title =        {Data analysis challenges in transient gravitational wave astronomy},
  booktitle =    {AIP Conf. Proc.: ARENA'12},
  volume = 1535,
  pages = 252,
  year          = 2012,
  address       = {Erlangen (Germany)}
}

@Article{         klimenko05:_const,
  author        = {Klimenko, S. and others},
  title         = {{Constraint likelihood analysis for a network of
                  gravitational wave detectors}},
  journal       = physical-review-d,
  pages         = 122002,
  volume        = 72,
  year          = 2005,
  eprint        = {gr-qc/0508068}
}

@Article{necula12:_trans_wilson_daubec,
  author =       {Necula, V. and others},
  title =        {Transient analysis with fast {W}ilson-{D}aubechies time-frequency transform},
  journal =      journal-of-physics-conference-series,
  year =         2012,
  volume =       363,
  pages =        012032}


@Book{daubechies92:_ten_lectur_wavel,
  author =       {Daubechies, I.},
  title =        "Ten Lectures on Wavelets",
  number =       61,
  publisher =    {SIAM},
  year =         1992,
}

@Article{delprat92:_asymp_gabor,
  author =       {Delprat, N. and others},
  title =        {Asymptotic wavelet and {G}abor analysis: extraction of instantaneous frequencies},
  journal =      ieee-transactions-on-information-theory,
  year =         1992,
  volume =       {IT-38},
  number =       2,
  pages =        {644--673}
}

@Article{dalcanton14:_effec_gauss,
  author =       {Dal~Canton, T and others},
  title =        {Effect of sine-{G}aussian glitches on searches for binary coalescence},
  journal =      classical-and-quantum-gravity,
  year =         2014,
  volume =       31,
  pages =        015016}

@Article{aasi15:_advan_ligo,
  author={Aasi, J and others},
  title={Advanced {LIGO}},
  journal=classical-and-quantum-gravity,
  volume=32,
  number=7,
  pages=074001,
  year=2015}

 	
@Article{acernese15:_advan_virgo,
  author={Acernese, F and others},
  title={Advanced {V}irgo: a second-generation interferometric gravitational wave detector},
  journal=classical-and-quantum-gravity,
  volume=32,
  number=2,
  pages=024001,
  year=2015
}