%@STRING{annual-review-of-nuclear-and-particle-science="Ann.~Rev.~Nucl.~Part.~Sci." }
%@STRING{annual-review-of-astron-and-astrophys="ARA\&A" }
%@STRING{applied-computational-harmonic-analysis= "Appl.~Comp.~Harm.~Anal." }
%@STRING{applied-optics="Appl.~Opt." }
%@STRING{astronomical-journal="AJ" }
%@STRING{astronomicheskii-zhurnal="AZh" }
%@STRING{astronomy-and-astrophysics="A\&A" }
%@STRING{astronomy-and-astrophysics-reviews="A\&A~Rev." }
%@STRING{astronomy-and-astrophysics-supplement="A\&AS" }
%@STRING{astroparticle-physics="Astroparticle~Physics" }
%@STRING{astrophysical-journal="ApJ" }
%@STRING{astrophysical-journal-letters="ApJ Lett." }
%@STRING{astrophysical-journal-supplement="ApJS" }
%@STRING{astrophysics-and-space-science="Ap\&SS" }
%@STRING{astrophysics-letters="Astrophys.~Lett." }
%@STRING{astrophysics-space-physics-research="Astrophys.~Space~Phys.~Res." }
%@STRING{bulletin-of-the-aas="BAAS" }
%@STRING{classical-and-quantum-gravity="Class.~Quantum~Grav." }
%@STRING{compte-rendus-academie-des-sciences="C.~R.~A.~S." }
%@STRING{european-physical-journal-c="EPJ~C" }
%@STRING{fundamental-cosmic-physics="Fund.~Cosmic~Phys." }
%@STRING{iau-cirulars="IAU~Circ." }
%@STRING{IJWMIP="Int.~J.~Wavelets.~Multi." }
%@STRING{ieee-transactions-on-signal-processing= "IEEE~Trans.~Signal~Proc." }
%@STRING{ieee-signal-processing-letters= "IEEE~Signal~Proc.~Lett." }
%@STRING{ieee-transactions-on-information-theory = "IEEE~Trans.~Info.~Theory"}
%@STRING{ieee-assp-magazine= "IEEE~ASSP~Mag." }
%@STRING{general-relativity-and-gravitation="Gen.~Relat.~Gravit." }
%@STRING{journal-of-instrumentation="JINST" }
%@STRING{journal-of-physics-conference-series="J.~Phys.~Conf.~Ser." }
%@STRING{journal-of-the-ras-of-canada="JRASC" }
%@STRING{journal-of-cosmology-and-astroparticle-physics="JCAP" }
%@STRING{living-reviews="Living~Rev.~Rel." }
%@STRING{mem-societa-astronomica-italiana="Mem.~Soc.~Astron.~Italiana" }
%@STRING{memoirs-of-the-ras="MmRAS" }
%@STRING{modern-physics-letters="Mod.~Phys.~Lett." }
%@STRING{monthly-notices-of-the-ras="MNRAS" }
%@STRING{nature	= "Nature" }
%@STRING{new-astronomy-reviews="New~Astron.~Rev."}
%@STRING{new-journal-of-physics="New~J.~Phys." }
%@STRING{nuclear-physics-a="Nucl.~Phys.~A" }
%@STRING{nuclear-instruments-and-methods-in-physics-research="Nucl.~Instrum.~Meth." }
%@STRING{nuclear-physics-proceedings-supplements="Nucl.~Phys.~Proc.~Suppl." }
%@STRING{physica-scripta="Phys.~Scr" }
%@STRING{physica-scripta="Phys.~Scr." }
%@STRING{physical-review-a="Phys.~Rev.~A" }
%@STRING{physical-review-b="Phys.~Rev.~B" }
%@STRING{physical-review-c="Phys.~Rev.~C" }
%@STRING{physical-review-d="Phys.~Rev.~D" }
%@STRING{physical-review-e="Phys.~Rev.~E" }
%@STRING{physical-review-letters="Phys.~Rev.~Lett." }
%@STRING{physics-reports="Phys.~Rep." }
%@STRING{proceedings-of-the-national-academy-of-sciences-of-the-usa="Proc.~Natl.~Acad.~Sci."}
%@STRING{proceedings-of-spie="Proc.~SPIE"}
%@STRING{progress-in-particle-and-nuclear-physics="Prog.~Part.~Nucl.~ Phys." }
%@STRING{publications-of-the-asj="PASJ" }
%@STRING{publications-of-the-asp="PASP" }
%@STRING{quarterly-journal-of-the-ras="QJRAS" }
%@STRING{reports-on-progress-in-physics="Rep.~Prog.~Phys." }
%@STRING{reviews-of-modern-physics="Rev.~Mod.~Phys." }
%@STRING{review-of-scientific-instruments="Rev.~Sci.~Instrum." }
%@STRING{science	= "Science" }
%@STRING{sky-and-telescope="S\&T" }
%@STRING{space-science-reviews="Space~Sci.~Rev." }
%@STRING{zeitschrift-fuer-astrophysik="ZAp" }

@ARTICLE{2016PhRvD..94b4023B,
   author = {{Bernuzzi}, S. and {Radice}, D. and {Ott}, C.~D. and {Roberts}, L.~F. and 
	{M{\"o}sta}, P. and {Galeazzi}, F.},
    title = "{How loud are neutron star mergers?}",
  journal = {\prd},
archivePrefix = "arXiv",
   eprint = {1512.06397},
 primaryClass = "gr-qc",
     year = 2016,
    month = jul,
   volume = 94,
   number = 2,
      eid = {024023},
    pages = {024023},
      doi = {10.1103/PhysRevD.94.024023},
   adsurl = {http://adsabs.harvard.edu/abs/2016PhRvD..94b4023B},
  adsnote = {Provided by the SAO/NASA Astrophysics Data System}
}

@ARTICLE{2016arXiv160606124P,
   author = {{Patricelli}, B. and {Razzano}, M. and {Cella}, G. and {Fidecaro}, F. and 
	{Pian}, E. and {Branchesi}, M. and {Stamerra}, A.},
    title = "{Prospects for joint observations of gravitational waves and gamma rays from merging neutron star binaries}",
  journal = {ArXiv e-prints},
archivePrefix = "arXiv",
   eprint = {1606.06124},
 primaryClass = "astro-ph.HE",
 keywords = {Astrophysics - High Energy Astrophysical Phenomena, General Relativity and Quantum Cosmology},
     year = 2016,
    month = jun,
   adsurl = {http://adsabs.harvard.edu/abs/2016arXiv160606124P},
  adsnote = {Provided by the SAO/NASA Astrophysics Data System}
}

@ARTICLE{2012ApJ...759...52D,
   author = {{Dominik}, M. and {Belczynski}, K. and {Fryer}, C. and {Holz}, D.~E. and 
	{Berti}, E. and {Bulik}, T. and {Mandel}, I. and {O'Shaughnessy}, R.
	},
    title = "{Double Compact Objects. I. The Significance of the Common Envelope on Merger Rates}",
  journal = {\apj},
archivePrefix = "arXiv",
   eprint = {1202.4901},
 primaryClass = "astro-ph.HE",
 keywords = {binaries: general, black hole physics, stars: evolution, stars: neutron},
     year = 2012,
    month = nov,
   volume = 759,
      eid = {52},
    pages = {52},
      doi = {10.1088/0004-637X/759/1/52},
   adsurl = {http://adsabs.harvard.edu/abs/2012ApJ...759...52D},
  adsnote = {Provided by the SAO/NASA Astrophysics Data System}
}

@ARTICLE{2016PhRvD..93b4013S,
   author = {{Singer}, L.~P. and {Price}, L.~R.},
    title = "{Rapid Bayesian position reconstruction for gravitational-wave transients}",
  journal = {\prd},
archivePrefix = "arXiv",
   eprint = {1508.03634},
 primaryClass = "gr-qc",
     year = 2016,
    month = jan,
   volume = 93,
   number = 2,
      eid = {024013},
    pages = {024013},
      doi = {10.1103/PhysRevD.93.024013},
   adsurl = {http://adsabs.harvard.edu/abs/2016PhRvD..93b4013S},
  adsnote = {Provided by the SAO/NASA Astrophysics Data System}
}

@ARTICLE{2016LRR....19....1A,
   author = {{Abbott}, B.~P. and {Abbott}, R. and {Abbott}, T.~D. and {Abernathy}, M.~R. and 
	{Acernese}, F. and {Ackley}, K. and {Adams}, C. and {Adams}, T. and 
	{Addesso}, P. and {Adhikari}, R.~X. and et al.},
    title = "{Prospects for Observing and Localizing Gravitational-Wave Transients with Advanced LIGO and Advanced Virgo}",
  journal = {Living Reviews in Relativity},
archivePrefix = "arXiv",
   eprint = {1304.0670},
 primaryClass = "gr-qc",
 keywords = {Data analysis, Gravitational-wave detectors, Gravitational waves, Electromagnetic counterparts},
     year = 2016,
    month = feb,
   volume = 19,
      doi = {10.1007/lrr-2016-1},
   adsurl = {http://adsabs.harvard.edu/abs/2016LRR....19....1A},
  adsnote = {Provided by the SAO/NASA Astrophysics Data System}
}

@ARTICLE{1993ApJ...413..281B,
   author = {{Band}, D. and {Matteson}, J. and {Ford}, L. and {Schaefer}, B. and 
	{Palmer}, D. and {Teegarden}, B. and {Cline}, T. and {Briggs}, M. and 
	{Paciesas}, W. and {Pendleton}, G. and {Fishman}, G. and {Kouveliotou}, C. and 
	{Meegan}, C. and {Wilson}, R. and {Lestrade}, P.},
    title = "{BATSE observations of gamma-ray burst spectra. I - Spectral diversity}",
  journal = {\apj},
 keywords = {Galactic Halos, Gamma Ray Bursts, Gamma Ray Spectra, Statistical Analysis, Radiation Distribution, Transient Response},
     year = 1993,
    month = aug,
   volume = 413,
    pages = {281-292},
      doi = {10.1086/172995},
   adsurl = {http://adsabs.harvard.edu/abs/1993ApJ...413..281B},
  adsnote = {Provided by the SAO/NASA Astrophysics Data System}
}

@ARTICLE{2014ApJS..211...12G,
   author = {{Gruber}, D. and {Goldstein}, A. and {Weller von Ahlefeld}, V. and 
	{Narayana Bhat}, P. and {Bissaldi}, E. and {Briggs}, M.~S. and 
	{Byrne}, D. and {Cleveland}, W.~H. and {Connaughton}, V. and 
	{Diehl}, R. and {Fishman}, G.~J. and {Fitzpatrick}, G. and {Foley}, S. and 
	{Gibby}, M. and {Giles}, M.~M. and {Greiner}, J. and {Guiriec}, S. and 
	{van der Horst}, A.~J. and {von Kienlin}, A. and {Kouveliotou}, C. and 
	{Layden}, E. and {Lin}, L. and {Meegan}, C.~A. and {McGlynn}, S. and 
	{Paciesas}, W.~S. and {Pelassa}, V. and {Preece}, R.~D. and 
	{Rau}, A. and {Wilson-Hodge}, C.~A. and {Xiong}, S. and {Younes}, G. and 
	{Yu}, H.-F.},
    title = "{The Fermi GBM Gamma-Ray Burst Spectral Catalog: Four Years of Data}",
  journal = {\apjs},
archivePrefix = "arXiv",
   eprint = {1401.5069},
 primaryClass = "astro-ph.HE",
 keywords = {gamma-ray burst: general, methods: data analysis},
     year = 2014,
    month = mar,
   volume = 211,
      eid = {12},
    pages = {12},
      doi = {10.1088/0067-0049/211/1/12},
   adsurl = {http://adsabs.harvard.edu/abs/2014ApJS..211...12G},
  adsnote = {Provided by the SAO/NASA Astrophysics Data System}
}

@ARTICLE{2014A&A...567A..84M,
   author = {{Martin-Carrillo}, A. and {Hanlon}, L. and {Topinka}, M. and 
	{LaCluyz{\'e}}, A.~P. and {Savchenko}, V. and {Kann}, D.~A. and 
	{Trotter}, A.~S. and {Covino}, S. and {Kr{\"u}hler}, T. and 
	{Greiner}, J. and {McGlynn}, S. and {Murphy}, D. and {Tisdall}, P. and 
	{Meehan}, S. and {Wade}, C. and {McBreen}, B. and {Reichart}, D.~E. and 
	{Fugazza}, D. and {Haislip}, J.~B. and {Rossi}, A. and {Schady}, P. and 
	{Elliott}, J. and {Klose}, S.},
    title = "{GRB 120711A: an intense INTEGRAL burst with long-lasting soft {$\gamma$}-ray emission and a powerful optical flash}",
  journal = {\aap},
archivePrefix = "arXiv",
   eprint = {1405.7396},
 primaryClass = "astro-ph.HE",
 keywords = {gamma-ray burst: individual: GRB 120711A, gamma-ray burst: individual: GRB 041219A, gamma-ray burst: individual: GRB 130427A},
     year = 2014,
    month = jul,
   volume = 567,
      eid = {A84},
    pages = {A84},
      doi = {10.1051/0004-6361/201220872},
   adsurl = {http://adsabs.harvard.edu/abs/2014A%26A...567A..84M},
  adsnote = {Provided by the SAO/NASA Astrophysics Data System}
}